@misc{mitGuidelinesWriting,
	author = {{Laboratory Fundamentals in Biological Engineering, MIT OpenCourseWare}},
	title = {{G}uidelines {F}or {W}riting {U}p {Y}our {R}esearch},
	howpublished = {\url{https://ocw.mit.edu/courses/20-109-laboratory-fundamentals-in-biological-engineering-spring-2010/pages/assignments/guidelines-for-writing-up-your-research/}},
	year = {},
	note = {[Accessed 12-04-2024]},
}

@misc{ethz,
	author = {Cheng Soon Ong},
	title = {Writing Scientific Papers and Software},
	howpublished = {\url{https://da.inf.ethz.ch/teaching/2022/DeepLearning/files/howto-paper.pdf}},
	year = {},
	note = {[Accessed 12-04-2024]},
}

@article{huang2022you,
  title={You can have better graph neural networks by not training weights at all: Finding untrained gnns tickets},
  author={Huang, Tianjin and Chen, Tianlong and Fang, Meng and Menkovski, Vlado and Zhao, Jiaxu and Yin, Lu and Pei, Yulong and Mocanu, Decebal Constantin and Wang, Zhangyang and Pechenizkiy, Mykola and others},
  journal={arXiv preprint arXiv:2211.15335},
  year={2022}
}

@article{pegg2023rtfs,
  title={RTFS-Net: Recurrent time-frequency modelling for efficient audio-visual speech separation},
  author={Pegg, Samuel and Li, Kai and Hu, Xiaolin},
  journal={arXiv preprint arXiv:2309.17189},
  year={2023}
}

@inproceedings{he2016deep,
  title={Deep residual learning for image recognition},
  author={He, Kaiming and Zhang, Xiangyu and Ren, Shaoqing and Sun, Jian},
  booktitle={Proceedings of the IEEE conference on computer vision and pattern recognition},
  pages={770--778},
  year={2016}
}

@article{gao2019res2net,
  title={Res2net: A new multi-scale backbone architecture},
  author={Gao, Shang-Hua and Cheng, Ming-Ming and Zhao, Kai and Zhang, Xin-Yu and Yang, Ming-Hsuan and Torr, Philip},
  journal={IEEE transactions on pattern analysis and machine intelligence},
  volume={43},
  number={2},
  pages={652--662},
  year={2019},
  publisher={IEEE}
}

@article{grinberg2023rawspectrogram,
  title={RawSpectrogram: On the Way to Effective Streaming Speech Anti-spoofing},
  author={Grinberg, Petr and Shikhov, Vladislav},
  journal={IEEE Access},
  year={2023},
  publisher={IEEE}
}

@article{hardebolle2023digital,
  title={{Digital Ethics Canvas: A Guide For Ethical Risk Assessment And Mitigation In The Digital Domain}},
  author={Hardebolle, C{\'e}cile and Macko, Vladimir and Ramachandran, Vivek and Holzer, Adrian and Jermann, Patrick},
  year={2023},
  publisher={Technological University Dublin}
}